@book{2020, 
    title={Industrial IoT: Challenges, Design Principles, Applications, and Security}, 
    author={Ismail Butun}, 
    publisher={Springer International Publishing}, 
    year={2020} 
}

 @book{Gilchrist_2017, 
    title={IoT Security Issues}, 
    publisher={De Gruyter}, 
    author={Gilchrist, Alasdair}, 
    year={2017}
}